<?xml version="1.0" encoding="UTF-8"?><collection xmlns="http://www.loc.gov/MARC21/slim"><record><leader>00328nam--2200133-i-4500</leader><controlfield tag="001">000003535</controlfield><controlfield tag="002">20161230</controlfield><controlfield tag="005">20161230201025</controlfield><controlfield tag="008">060222s1000------------r-----000-0-eng-d</controlfield><datafield ind1=" " ind2=" " tag="100"><subfield code="a">Bardan, D</subfield></datafield><datafield ind1=" " ind2=" " tag="245"><subfield code="a">Chimie</subfield></datafield><datafield ind1=" " ind2=" " tag="260"><subfield code="a">Bucuresti, Inst. Politehnic, 1953</subfield></datafield><datafield ind1=" " ind2=" " tag="490"><subfield code="a">Facultatea De Electrotehnica Si Energetica</subfield></datafield><datafield ind1=" " ind2=" " tag="852"><subfield code="a">3857</subfield></datafield></record></collection>